@article{article,
author = {Brown, Lex},
year = {2009},
month = {01},
pages = {},
title = {The acoustic environment as resource, and masking, as key concepts in soundscape discourse and analysis},
volume = {31},
journal = {8th European Conference on Noise Control 2009, EURONOISE 2009 - Proceedings of the Institute of Acoustics}
}